<?xml version="1.0" encoding="UTF-8"?><collection xmlns="http://www.loc.gov/MARC21/slim"><record><leader>00407nam--2200157-u-4500</leader><controlfield tag="001">000051066</controlfield><controlfield tag="002">20161230</controlfield><controlfield tag="005">20170108235232</controlfield><controlfield tag="008">080515s1000------------r-----000-0-eng-d</controlfield><datafield ind1=" " ind2=" " tag="040"><subfield code="a">IFIN-HH</subfield></datafield><datafield ind1=" " ind2=" " tag="080"><subfield code="a">512.743.5</subfield></datafield><datafield ind1="1" ind2=" " tag="100"><subfield code="a">Philippon,Patrice M</subfield></datafield><datafield ind1="1" ind2="0" tag="245"><subfield code="a">Independance Algebrique dans le Domaine p-Adique</subfield></datafield><datafield ind1=" " ind2=" " tag="260"><subfield code="a">Paris-Sud</subfield><subfield code="b">Centre D'Orsay</subfield><subfield code="c">1980</subfield></datafield><datafield ind1=" " ind2=" " tag="300"><subfield code="a">25 p</subfield></datafield><datafield ind1=" " ind2=" " tag="CAT"><subfield code="a">SYS</subfield><subfield code="c">20170108</subfield><subfield code="h">235232</subfield></datafield></record></collection>